@book{fiuza_2011,
	author = {António Fiúza},
	year = {2011},
	title = {Hidrometalurgia},
	date = {2011},
	publisher = {FEUP},
}

@article{innovative_thiourea_1998,
title = {An innovative thiourea gold leaching process},
journal = {Hydrometallurgy},
volume = {48},
number = {1},
pages = {113-124},
year = {1998},
author = {S Ubaldini and P Fornari and R Massidda and C Abbruzzese},
}

@article{bromo_2018,
title = {Bromine leaching as an alternative method for gold dissolution},
journal = {Minerals Engineering},
volume = {118},
pages = {16-23},
year = {2018},
author = {Rui Sousa and Aurora Futuro and António Fiúza and M.C. Vila and M.L. Dinis},
}


@article{bromo2_2019,
	title = {Extraction of gold from refractory gold ore using bromate and ferric chloride solution},
	volume = {136},
	journal = {Minerals Engineering},
	author = {Wang, Qiang and Hu, Xianzhi and Zi, Futing and Qin, Xuecong and Nie, Yanhe and Zhang, Yan},
	month = jun,
	year = {2019},
	keywords = {Bromate, Ferric chloride, Refractory gold ore, Sulfidic minerals},
	pages = {89--98},
}
